
@online{noauthor_download_nodate,
	title = {Download White background with orange geometric for free},
	url = {https://www.vecteezy.com/vector-art/11171111-white-background-with-orange-geometric},
	abstract = {Download the White background with orange geometric 11171111 royalty-free Vector from Vecteezy for your project and explore over a million other vectors, icons and clipart graphics!},
	titleaddon = {Vecteezy},
	urldate = {2023-04-25},
	langid = {english},
	file = {Snapshot:files/326/11171111-white-background-with-orange-geometric.html:text/html},
}
